<?xml version="1.0" encoding="utf-8"?>
<record xmlns="http://www.loc.gov/MARC21/slim" xmlns:xsi="http://www.w3.org/2001/XMLSchema-instance" xsi:schemaLocation="http://www.loc.gov/MARC21/slim http://www.loc.gov/standards/marcxml/schema/MARC21slim.xsd">
	<leader>     nam a22        4500</leader>
	<controlfield tag="001">001700788</controlfield>
	<controlfield tag="003">NNU</controlfield>
	<controlfield tag="006">m        d        </controlfield>
	<controlfield tag="007">cr cn |||m|||a</controlfield>
	<controlfield tag="008">160519m19191920le      o     000 0 ara d</controlfield>
	<datafield ind1=" " ind2=" " tag="040">
		<subfield code="a">NNU</subfield>
		<subfield code="b">eng</subfield>
		<subfield code="e">rda</subfield>
		<subfield code="c">NNU</subfield>
	</datafield>
	<datafield ind1=" " ind2=" " tag="043">
		<subfield code="a">a-le---</subfield>
	</datafield>
	<datafield ind1=" " ind2="4" tag="050">
		<subfield code="a">DS80.9</subfield>
		<subfield code="b">.Y3 1919</subfield>
	</datafield>
	<datafield ind1="1" ind2=" " tag="100">
		<subfield code="6">880-01</subfield>
		<subfield code="a">Yamīn, Anṭūn.</subfield>
	</datafield>
	<datafield ind1="1" ind2="0" tag="245">
		<subfield code="6">880-02</subfield>
		<subfield code="a">Lubnān fī al-ḥarb, aw, Dhikrá al-ḥawādith wa-al-maẓālim fī Lubnān fī al-Ḥarb al-ʻUmūmīyah :</subfield>
		<subfield code="b">1914-1919 /</subfield>
		<subfield code="c">bi-qalam al-Khūrī Anṭūn Yamīn al-Lubnānī.</subfield>
	</datafield>
	<datafield ind1="3" ind2="0" tag="246">
		<subfield code="6">880-03</subfield>
		<subfield code="a">Dhikrá al-ḥawādith wa-al-maẓālim fī Lubnān fī al-Ḥarb al-ʻUmūmīyah</subfield>
	</datafield>
	<datafield ind1=" " ind2=" " tag="260">
		<subfield code="6">880-04</subfield>
		<subfield code="a">Bayrūt :</subfield>
		<subfield code="b">al-Maṭbaʻah al-Adabīyah,</subfield>
		<subfield code="c">1919-1920.</subfield>
	</datafield>
	<datafield ind1=" " ind2=" " tag="300">
		<subfield code="a">online resource (2 volumes in 1)</subfield>
	</datafield>
	<datafield ind1=" " ind2=" " tag="336">
		<subfield code="a">text</subfield>
		<subfield code="2">rdacontent</subfield>
	</datafield>
	<datafield ind1=" " ind2=" " tag="337">
		<subfield code="a">computer</subfield>
		<subfield code="2">rdamedia</subfield>
	</datafield>
	<datafield ind1=" " ind2=" " tag="338">
		<subfield code="a">online resource</subfield>
		<subfield code="2">rdacarrier</subfield>
	</datafield>
	<datafield ind1=" " ind2=" " tag="500">
		<subfield code="a">Imprint varies.</subfield>
	</datafield>
	<datafield ind1=" " ind2=" " tag="500">
		<subfield code="a">Part of the Arabic Collections Online (ACO) project, contributed by New York Univeristy Libraries.</subfield>
	</datafield>
	<datafield ind1=" " ind2=" " tag="533">
		<subfield code="a">Electronic reproduction.</subfield>
		<subfield code="b">New York, N.Y. :</subfield>
		<subfield code="c">New York University,</subfield>
		<subfield code="d">2016.</subfield>
		<subfield code="5">NNU</subfield>
	</datafield>
	<datafield ind1=" " ind2="0" tag="651">
		<subfield code="a">Lebanon</subfield>
		<subfield code="x">History.</subfield>
	</datafield>
	<datafield ind1=" " ind2="7" tag="651">
		<subfield code="a">Lebanon.</subfield>
		<subfield code="2">fast</subfield>
		<subfield code="0">(OCoLC)fst01206063.</subfield>
	</datafield>
	<datafield ind1=" " ind2="7" tag="655">
		<subfield code="a">History.</subfield>
		<subfield code="2">fast</subfield>
		<subfield code="0">(OCoLC)fst01411628.</subfield>
	</datafield>
	<datafield ind1="2" ind2=" " tag="710">
		<subfield code="a">New York University.</subfield>
		<subfield code="b">Libraries.</subfield>
	</datafield>
	<datafield ind1="0" ind2=" " tag="730">
		<subfield code="a">Arabic Collections Online.</subfield>
	</datafield>
	<datafield ind1="0" ind2="8" tag="776">
		<subfield code="i">Online version:</subfield>
		<subfield code="a">Yamīn, Anṭūn.</subfield>
		<subfield code="t">Lubnān fī al-ḥarb, aw, Dhikrá al-ḥawādith wa-al-maẓālim fī Lubnān fī al-Ḥarb al-ʻUmūmīyah.</subfield>
		<subfield code="d">Bayrūt : al-Maṭbaʻah al-Adabīyah, 1919-1920</subfield>
		<subfield code="w">(OCoLC)705891702</subfield>
	</datafield>
	<datafield ind1="0" ind2="8" tag="776">
		<subfield code="i">Print version:</subfield>
		<subfield code="a">Yamīn, Anṭūn.</subfield>
		<subfield code="t">Lubnān fī al-ḥarb, aw, Dhikrá al-ḥawādith wa-al-maẓālim fī Lubnān fī al-Ḥarb al-ʻUmūmīyah</subfield>
		<subfield code="w">(NNU)001700788</subfield>
	</datafield>
	<datafield ind1="4" ind2="0" tag="856">
		<subfield code="u">http://hdl.handle.net/2333.1/fxpnw0wr</subfield>
	</datafield>
	<datafield ind1="1" ind2=" " tag="880">
		<subfield code="6">100-01/</subfield>
		<subfield code="a">‏يمين، أنطون.</subfield>
	</datafield>
	<datafield ind1="1" ind2="0" tag="880">
		<subfield code="6">245-02/</subfield>
		<subfield code="a">‏لبنان في الحرب :‏</subfield>
		<subfield code="b">‏أو ذكرى الحوادث والمظالم في لبنان في الحرب العمومية، ١٩١٤-١٩١٩ /‏</subfield>
		<subfield code="c">‏بقلم الخوري أنطون يمين اللبناني.</subfield>
	</datafield>
	<datafield ind1="1" ind2="1" tag="880">
		<subfield code="6">246-03/</subfield>
		<subfield code="a">‏ذكرى الحوادت والمظالم في لبنان في الحرب العمومية، ١٩١٤-١٩١٩</subfield>
	</datafield>
	<datafield ind1=" " ind2=" " tag="880">
		<subfield code="6">260-04/</subfield>
		<subfield code="a">‏بيروت :‏</subfield>
		<subfield code="b">‏المطبعة الأدبية،‏</subfield>
		<subfield code="c">‏١٩١٩-١٩٢٠.</subfield>
	</datafield>
	<datafield ind1=" " ind2=" " tag="959">
		<subfield code="a">NNU</subfield>
		<subfield code="b">WEB</subfield>
		<subfield code="c">GENI</subfield>
		<subfield code="t">0</subfield>
		<subfield code="m">Electronic access</subfield>
		<subfield code="s">01</subfield>
	</datafield>
	<datafield ind1=" " ind2=" " tag="999">
		<subfield code="i">NNU_001700788</subfield>
		<subfield code="s">nyu_aco001314</subfield>
	</datafield>
</record>
